<record><leader>00000cas a2200000 a 4500</leader><controlfield tag="001">35649582</controlfield><controlfield tag="008">960927d192u1948cauwr ne      0    0eng c</controlfield><datafield ind1=" " ind2=" " tag="010"><subfield code="a">sn 96064340 </subfield></datafield><datafield ind1=" " ind2=" " tag="040"><subfield code="a">CNK</subfield><subfield code="b">eng</subfield><subfield code="c">CNK</subfield><subfield code="d">OCLCQ</subfield><subfield code="d">OCLCF</subfield><subfield code="d">OCLCO</subfield></datafield><datafield ind1="1" ind2=" " tag="029"><subfield code="a">AU@</subfield><subfield code="b">000012845135</subfield></datafield><datafield ind1=" " ind2=" " tag="042"><subfield code="a">pcc</subfield></datafield><datafield ind1=" " ind2=" " tag="043"><subfield code="a">n-us-ca</subfield></datafield><datafield ind1="0" ind2="4" tag="245"><subfield code="a">The Fontana herald.</subfield></datafield><datafield ind1="1" ind2=" " tag="246"><subfield code="i">Issues for June 3, 1932-Feb. 3, 1933 have title:</subfield><subfield code="a">Fontana herald the community news</subfield></datafield><datafield ind1=" " ind2=" " tag="260"><subfield code="a">Fontana, Calif. :</subfield><subfield code="b">Cornelius De Bakesy</subfield></datafield><datafield ind1=" " ind2=" " tag="300"><subfield code="a">v.</subfield></datafield><datafield ind1=" " ind2=" " tag="310"><subfield code="a">Semiweekly,</subfield><subfield code="b">Oct. 21, 1947-July 29, 1948</subfield></datafield><datafield ind1=" " ind2=" " tag="321"><subfield code="a">Weekly,</subfield><subfield code="b">&lt;Jan. 5, 1924&gt;-Oct. 16, 1947</subfield></datafield><datafield ind1="0" ind2=" " tag="362"><subfield code="a">-v. 26, no. 16 (July 29, 1948).</subfield></datafield><datafield ind1=" " ind2=" " tag="580"><subfield code="a">Merged with: Fontana news, to become: Fontana herald and news.</subfield></datafield><datafield ind1=" " ind2=" " tag="588"><subfield code="a">Description based on: Vol. 2, no. 31 (Jan. 5, 1924).</subfield></datafield><datafield ind1=" " ind2="0" tag="651"><subfield code="a">Fontana (Calif.)</subfield><subfield code="v">Newspapers.</subfield></datafield><datafield ind1=" " ind2="7" tag="655"><subfield code="a">Newspapers.</subfield><subfield code="2">fast</subfield><subfield code="0">(OCoLC)fst01423814</subfield></datafield><datafield ind1=" " ind2="7" tag="651"><subfield code="a">California</subfield><subfield code="z">Fontana.</subfield><subfield code="2">fast</subfield><subfield code="0">(OCoLC)fst01233897</subfield></datafield><datafield ind1=" " ind2=" " tag="752"><subfield code="a">United States</subfield><subfield code="b">California</subfield><subfield code="c">San Bernardino</subfield><subfield code="d">Fontana.</subfield></datafield><datafield ind1="0" ind2=" " tag="775"><subfield code="t">District herald (Fontana, Calif.)</subfield><subfield code="w">(DLC)sn 96064341</subfield></datafield><datafield ind1="0" ind2="5" tag="780"><subfield code="t">Community news (Fontana, Calif.)</subfield><subfield code="w">(DLC)sn 96064444</subfield></datafield><datafield ind1="1" ind2="7" tag="785"><subfield code="t">Fontana news</subfield></datafield><datafield ind1="1" ind2="7" tag="785"><subfield code="t">Fontana herald and news</subfield><subfield code="w">(DLC)sn 96064344</subfield></datafield></record>